@article{Badyaev2002,
    doi = {10.1016/s0169-5347(02)02569-7},
    year = {2002},
    volume = {17},
    number = {8},
    pages = {369--378},
    author = {Badyaev, A. V.},
    title = {Growing apart: an ontogenetic perspective on the evolution of sexual size dimorphism},
    journal = {Trends in Ecology \& Evolution},
}

@article{Bastir2004,
    doi = {S0940-9602(04)80096-7},
    year = {2004},
    volume = {186},
    number = {5--6},
    pages = {503--509},
    author = {Bastir, M. and Rosas, A.},
    title = {Comparative ontogeny in humans and chimpanzees: similarities, differences and paradoxes in postnatal growth and development of the skull},
    journal = {Annals of Anatomy = Anatomischer Anzeiger : Official Organ of the Anatomische Gesellschaft},
}

@article{Cieri2014,
    doi = {10.1086/677209},
    year = {2014},
    volume = {55},
    number = {4},
    pages = {419--443},
    author = {Cieri, R. L. and Churchill, S. E. and Franciscus, R. G. and Tan, J. and Hare, B.},
    title = {Craniofacial Feminization, Social Tolerance, and the Origins of Behavioral Modernity},
    journal = {Current Anthropology},
}
 
@article{Franchini2017,
    doi = {https://doi.org/10.1186/s12915-017-0428-9},
    year = {2017},
    volume = {15},
    pages = {89},
    author = {Franchini, L. F. and Pollard, K. S.},
    title = {Human evolution: the non-coding revolution},
    journal = {BMC Biol},
}

@article{Ensembl,
    author = {Howe, K. L. and Achuthan, P. and Allen, J. and Allen, J. and Alvarez-Jarreta, J. and Amode, M. R. and Armean, I. M. and Azov, A. G. and Bennett, R. and Bhai, J. and Billis, K. and Boddu, S. and Charkhchi, M. and Cummins, C. and Da Rin Fioretto, L. and Davidson, C. and Dodiya, K. and El Houdaigui, B. and Fatima, R. and Gall, A. and Garcia Giron, C. and Grego, T. and Guijarro-Clarke, C. and Haggerty, L. and Hemrom, A. and Hourlier, T. and Izuogu, O. G. and Juettemann, T. and Kaikala, V. and Kay, M. and Lavidas, I. and Le, T. and Lemos, D. and Gonzalez Martinez, J. and Marugán, J. C. and Maurel, T. and McMahon, A. C. and Mohanan, S. and Moore, B. and Muffato, M. and Oheh, D. N. and Paraschas, D. and Parker, A. and Parton, A. and Prosovetskaia, I. and Sakthivel, M. P. and Salam, A. I. A. and Schmitt, B. M. and Schuilenburg, H. and Sheppard, D. and Steed, E. and Szpak, M. and Szuba, M. and Taylor, K. and Thormann, A. and Threadgold, G. and Walts, B. and Winterbottom, A. and Chakiachvili, M. and Chaubal, A. and De Silva, N. and Flint, B. and Frankish, A. and Hunt, S. E. and IIsley, G. R. and Langridge, N. and Loveland, J. E. and Martin, F. J. and Mudge, J. M. and Morales, J. and Perry, E. and Ruffier, M. and Tate, J. and Thybert, D. and Trevanion, S. J. and Cunningham, F. and Yates, A. D. and Zerbino, D. R. and Flicek, P.},
    title = "{Ensembl 2021}",
    journal = {Nucleic Acids Research},
    volume = {49},
    number = {D1},
    pages = {D884--D891},
    year = {2020},
    doi = {10.1093/nar/gkaa942},
}

@article{Gittelman2015,
    doi = {10.1101/gr.192591.115},
    year = {2015},
    volume = {25},
    number = {9},
    pages = {1245--1255},
    author = {Gittelman, R. M. and Hun, E. Ay, F. and Madeoy, J. and Pennacchio, L. and Noble, W. S. and Hawkins, R. D. and Akey, J. M.},
    title = {Comprehensive identification and analysis of human accelerated regulatory DNA},
    journal = {Genome Research}
}

@article{Huang2004,
    title = {Induction of the neural crest and the opportunities of life on the edge},
    journal = {Developmental Biology},
    volume = {275},
    number = {1},
    pages = {1--11},
    year = {2004},
    doi = {https://doi.org/10.1016/j.ydbio.2004.07.033},
    author = {Huang, X. and Saint-Jeannet, J. P.},
}

 @manual{Rphast,
    title = {rphast: Interface to PHAST Software for Comparative Genomics},
    author = {Hubisz, M. and Pollard, K. and Siepel, A.},
    year = {2020},
    note = {R package version 1.6.11},
    url = {http://compgen.cshl.edu/rphast},
  }

@article{Kistner2021,
    doi = {10.1038/s41598-021-82111-9},
    year = {2021},
    volume = {11},
    number = {1},
    pages = {2582},
    author = {Kistner, T. M. and Zink, K. D. and Worthington, S. and Lieberman, D. E.},
    title = {Geometric morphometric investigation of craniofacial morphological change in domesticated silver foxes},
    journal = {Scientific Reports},
}

@article{Kulesa2010,
    doi = {10.1016/j.ydbio.2010.04.010},
    year = {2010},
    volume = {344},
    number = {2},
    pages = {543--554},
    author = {Kulesa, P. M. and Bailey, C. M. and Kasemeier-Kulesa, J. and McLennan, R.},
    title = {Cranial neural crest migration: new rules for an old road},
    journal = {Developmental Biology},
}
 
@article{Lander2001,
    doi = {10.1038/35057062},
    year = {2001},
    volume = {409},
    number = {6822},
    pages = {860--921},
    author = {Lander, E. S. and Linton, L. M. and Birren, B. and Nusbaum, C. and Zody, M. C. and Baldwin, J. and Devon, K. and Dewar, K. and Doyle, M. and FitzHugh, W. and Funke, R. and Gage, D. and Harris, K. and Heaford, A. and Howland, J. and Kann, L. and Lehoczky, J. and LeVine, R. and McEwan, P. and McKernan, K. and Meldrim, J. and Mesirov, J. P. and Miranda, C. and Morris, W. and Naylor, J. and Raymond, C. and Rosetti, M. and Santos, R. and Sheridan, A. and Sougnez, C. and Stange-Thomann, N. and Stojanovic, N. and Subramanian, A. and Wyman, D. and Rogers, J. and Sulston, J. and Ainscough, R. and Beck, S. and Bentley, D. and Burton, J. and Clee, C. and Carter, N. and Coulson, A. and Deadman, R. and Deloukas, P. and Dunham, A. and Dunham, I. and Durbin, R. and French, L. and Grafham, D. and Gregory, S. and Hubbard, T. and Humphray, S. and Hunt, A. and Jones, M. and Lloyd, C. and McMurray, A. and Matthews, L. and Mercer, S. and Milne, S. and Mullikin, J. C. and Mungall, A. and Plumb, R. and Ross, M. and Shownkeen, R. and Sims, S. and Waterston, R. H. and Wilson, R. K. and Hillier, L. W. and McPherson, J. D. and Marra, M. A. and Mardis, E. R. and Fulton, L. A. and Chinwalla, A. T. and Pepin, K. H. and Gish, W. R. and Chissoe, S. L. and Wendl, M. C. and Delehaunty, K. D. and Miner, T. L. and Delehaunty, A. and Kramer, J. B. and Cook, L. L. and Fulton, R. S. and Johnson, D. L. and Minx, P. J. and Clifton, S. W. and Hawkins, T. and Branscomb, E. and Predki, P. and Richardson, P. and Wenning, S. and Slezak, T. and Doggett, N. and Cheng, J. F. and Olsen, A. and Lucas, S. and Elkin, C. and Uberbacher, E. and Frazier, M. and Gibbs, R. A. and Muzny, D. M. and Scherer, S. E. and Bouck, J. B. and Sodergren, E. J. and Worley, K. C. and Rives, C. M. and Gorrell, J. H. and Metzker, M. L. and Naylor, S. L. and Kucherlapati, R. S. and Nelson, D. L. and Weinstock, G. M. and Sakaki, Y. and Fujiyama, A. and Hattori, M. and Yada, T. and Toyoda, A. and Itoh, T. and Kawagoe, C. and Watanabe, H. and Totoki, Y. and Taylor, T. and Weissenbach, J. and Heilig, R. and Saurin, W. and Artiguenave, F. and Brottier, P. and Bruls, T. and Pelletier, E. and Robert, C. and Wincker, P. and Rosenthal, A. and Platzer, M. and Nyakatura, G. and Taudien, S. and Rump, A. and Yang, H. M. and Yu, J. and Wang, J. and Huang, G. Y. and Gu, J. and Hood, L. and Rowen, L. and Madan, A. and Qin, S. Z. and Davis, R. W. and Federspiel, N. A. and Abola, A. P. and Proctor, M. J. and Myers, R. M. and Schmutz, J. and Dickson, M. and Grimwood, J. and Cox, D. R. and Olson, M. V. and Kaul, R. and Raymond, C. and Shimizu, N. and Kawasaki, K. and Minoshima, S. and Evans, G. A. and Athanasiou, M. and Schultz, R. and Roe, B. A. and Chen, F. and Pan, H. Q. and Ramser, J. and Lehrach, H. and Reinhardt, R. and McCombie, W. R. and de la Bastide, M. and Dedhia, N. and Blocker, H. and Hornischer, K. and Nordsiek, G. and Agarwala, R. and Aravind, L. and Bailey, J. A. and Bateman, A. and Batzoglou, S. and Birney, E. and Bork, P. and Brown, D. G. and Burge, C. B. and Cerutti, L. and Chen, H. C. and Church, D. and Clamp, M. and Copley, R. R. and Doerks, T. and Eddy, S. R. and Eichler, E. E. and Furey, T. S. and Galagan, J. and Gilbert, J. G. R. and Harmon, C. and Hayashizaki, Y. and Haussler, D. and Hermjakob, H. and Hokamp, K. and Jang, W. H. and Johnson, L. S. and Jones, T. A. and Kasif, S. and Kaspryzk, A. and Kennedy, S. and Kent, W. J. and Kitts, P. and Koonin, E. V. and Korf, I. and Kulp, D. and Lancet, D. and Lowe, T. M. and McLysaght, A. and Mikkelsen, T. and Moran, J. V. and Mulder, N. and Pollara, V. J. and Ponting, C. P. and Schuler, G. and Schultz, J. R. and Slater, G. and Smit, A. F. A. and Stupka, E. and Szustakowki, J. and Thierry-Mieg, D. and Thierry-Mieg, J. and Wagner, L. and Wallis, J. and Wheeler, R. and Williams, A. and Wolf, Y. I. and Wolfe, K. H. and Yang, S. P. and Yeh, R. F. and Collins, F. and Guyer, M. S. and Peterson, J. and Felsenfeld, A. and Wetterstrand, K. A. and Patrinos, A. and Morgan, M. J.},
    title = {Initial sequencing and analysis of the human genome},
    journal = {Nature}
}
 
@article{Lesciotto2019,
    doi = {10.1002/ajpa.23766},
    year = {2019},
    volume = {168 Suppl 67},
    pages = {27--46},
    author = {Lesciotto, K. M. and Richtsmeier, J. T.},
    title = {Craniofacial skeletal response to encephalization: How do we know what we think we know?},
    journal = {American Journal of Physical Anthropology},
}

@article{Martinez2009,
    doi = {10.1111/j.1469-7580.2008.01015.x},
    year = {2009},
    volume = {214},
    number = {1},
    pages = {19--35},
    author = {Martínez-Abadías, N. and Esparza, M. and Sjøvold, T. and González-José, R. and Santos, M. and Hernández, M.},
    title = {Heritability of human cranial dimensions: comparing the evolvability of different cranial regions},
    journal = {Journal of Anatomy},
}

@article{Mayor2013,
    author = {Mayor, R. and Theveneau, E.},
    title = {The neural crest},
    journal = {Development},
    volume = {140},
    number = {11},
    pages = {2247-2251},
    year = {2013},
    doi = {10.1242/dev.091751},
}

@article{McLean2011,
    doi = {https://doi.org/10.1038/nature09774},
    year = {2011},
    volume = {471},
    number = {7337},
    pages = {216--219},
    author = {McLean, C. Y. and Reno, P. L. and Pollen, A. A. and Bassan, A. I. and Capellini, T. D. and Guenther, C. and Indjeian, V. B. and Lim, X. and Menke, D. B. and Schaar, B. T. and Wenger, A. M. and Bejerano, G. and Kingsley, D. M.},
    title = {Human-specific loss of regulatory DNA and the evolution of human-specific traits},
    journal = {Nature},
}

@article{Mikkelsen2005,
    doi = {10.1038/nature04072},
    year = {2005},
    volume = {437},
    number = {7055},
    pages = {69--87},
    author = {Mikkelsen, T. and Hillier, L. and Eichler, E. and Zody, M.},
    title = {Initial sequence of the chimpanzee genome and comparison with the human genome},
    journal = {Nature}
}

@article{Mina2001,
    doi = {10.1177/10454411010120040101},
    year = {2001},
    volume = {12},
    number = {4},
    pages = {276--300},
    author = {Mina, M.},
    title = {Regulation of mandibular growth and morphogenesis},
    journal = {Critical Reviews in Oral Biology and Medicine : An Official Publication of the American Association of Oral Biologists},
}

@article{Morris2019,
    doi = {10.1098/rspb.2018.2389},
    year = {2019},
    volume = {286},
    number = {1897},
    pages = {20182389},
    author = {Morris, Z. S. and Vliet, K. A. and Abzhanov, A. and Pierce, S. E.},
    title = {Heterochronic shifts and conserved embryonic shape underlie crocodylian craniofacial disparity and convergence},
    journal = {Proceedings of the Royal Society B: Biological Sciences},
}

@article{Osorio2015,
    doi = {10.1038/nrg4026},
    year = {2015},
    volume = {16},
    number = {11},
    pages = {625},
    author = {Osório, J.},
    title = {Regulatory evolution of human craniofacial morphology},
    journal = {Nature Reviews Genetics},
}

@manual{Biostrings,
    title = {Biostrings: Efficient manipulation of biological strings},
    author = {Pagès, H. and Aboyoun, P. and Gentleman, R. and DebRoy, S.},
    year = {2020},
    note = {R package version 2.58.0},
    url = {https://bioconductor.org/packages/Biostrings},
  }

@article{Ape,
    title = {ape 5.0: an environment for modern phylogenetics and evolutionary analyses in {R}},
    author = {Paradis, E. and Schliep, K.},
    journal = {Bioinformatics},
    year = {2019},
    volume = {35},
    pages = {526-528},
  }

@article{EmsemblMSA,
    author = {Paten, B. and Herrero, J. and Beal, K. and Fitzgerald, S. and Birney, E.}, 
    title = {Enredo and Pecan: Genome-wide mammalian consistency-based multiple alignment with paralogs},
    volume = {18}, 
    number = {11}, 
    pages = {1814-1828}, 
    year = {2008}, 
    doi = {10.1101/gr.076554.108},
    journal = {Genome Research} 
}

@article{Pendleton2018,
    doi = {10.1186/s12915-018-0535-2},
    year = {2018},
    volume = {16},
    number = {1},
    pages = {64},
    author = {Pendleton, A. L. and Shen, F. and Taravella, A. M. and Emery, S. and Veeramah, K. R. and Boyko, A. R. and Kidd, J. M.},
    title = {Comparison of village dog and wolf genomes highlights the role of the neural crest in dog domestication},
    journal = {BMC Biology},
}

@article{PhyloP,
    doi = {10.1101/gr.097857.109},
    year = {2010},
    volume = {20},
    pages = {110--121},
    author = {Pollard, K.S. and Hubisz, M.J. and Rosenbloom, K.R. and Siepel, A.},
    title = {Detection of non-neutral substitution rates on mammalian phylogenies},
    journal = {Genome Research},
}


@article{Prescott2015,
    doi = {https://doi.org/10.1016/j.cell.2015.08.036},
    year = {2015},
    volume = {163},
    number = {1},
    pages = {68--83},
    author = {Prescott, S. L. and Srinivasan, R. and Marchetto, M. C. and Grishina, I. and Narvaiza, I. and Selleri, L. and Gage, F. H. and Swigut, T. and Wysocka, J.},
    title = {Enhancer Divergence and \emph{cis}-Regulatory Evolution in the Human and Chimp Neural Crest},
    journal = {Cell},
}

@manual{R,
    title = {R: A Language and Environment for Statistical Computing},
    author = {{R Core Team}},
    organization = {R Foundation for Statistical Computing},
    address = {Vienna, Austria},
    year = {2020},
    url = {https://www.R-project.org/},
  }
  
@article{Raia2018,
    doi = {10.1038/s41598-018-25309-8},
    year = {2018},
    volume = {8},
    number = {1},
    pages = {7340},
    author = {Raia, P. and Boggioni, M. and Carotenuto, F. and Castiglione, S. and Di Febbraro, M. and Di Vincenzo, F. and Melchionna, M. and Mondanaro, A. and Papini, A. and Profico, A. and Serio, C. and Veneziano, A. and Vero, V. A. and Rook, L. and Meloro, C. and Manzi, G.},
    title = {Unexpectedly rapid evolution of mandibular shape in hominins},
    journal = {Scientific Reports},
}

@article{Roosenboom2016,
    doi = {10.1155/2016/3054578},
    year = {2016},
    volume = {2016},
    pages = {3054578},
    author = {Roosenboom, J. and Hens, G. and Mattern, B. C. and Shriver, M. D. and Claes, P.},
    title = {Exploring the Underlying Genetics of Craniofacial Morphology through Various Sources of Knowledge},
    journal = {BioMed Research International},
}

@article{Shea1989,
    doi = {https://doi.org/10.1002/ajpa.1330320505},
    year = {1989},
    volume = {32},
    pages = {69--101},
    author = {Shea, B. T.},
    title = {Heterochrony in human evolution: The case for neoteny reconsidered},
    journal = {American Journal of Physical Anthropology},
}

@article{Stedman2004,
    doi = {10.1038/nature02358},
    year = {2004},
    volume = {428},
    number = {6981},
    pages = {415--418},
    author = {Stedman, H. H. and Kozyak, B. W. and Nelson, A. and Thesier, D. M. and Su, L. T. and Low, D. W. and Bridges, C. R. and Shrager, J. B. and Minugh-Purvis, N. and Mitchell, M. A.},
    title = {Myosin gene mutation correlates with anatomical changes in the human lineage},
    journal = {Nature},
}

@article{Suntsova2020,
    doi = {10.1186/s12864-020-06962-8},
    year = {2020},
    volume = {21},
    number = {7},
    pages = {535},
    author = {Suntsova, M. V. and Buzdin, A. A. },
    title = {Differences between human and chimpanzee genomes and their implications in gene expression, protein functions and biochemical properties of the two species},
    journal = {BMC Genomics},
}

@article{Varki2005,
    doi = {10.1101/gr.3737405},
    year = {2005},
    volume = {15},
    number = {12},
    pages = {1746--1758},
    author = {Varki, A.},
    title = {Comparing the human and chimpanzee genomes: Searching for needles in a haystack},
    journal = {Genome Research},
}

@article{Woronowicz2019,
    doi = {10.1186/s13227-019-0131-8},
    year = {2019},
    volume = {10},
    pages = {17},
    author = {Woronowicz, K. C. and Schneider, R. A.},
    title = {Molecular and cellular mechanisms underlying the evolution of form and function in the amniote jaw},
    journal = {EvoDevo},
}
